<record><leader>03165cam a2200469 i 4500</leader><controlfield tag="001">6785758</controlfield><controlfield tag="003">OCoLC</controlfield><controlfield tag="005">20150203093817.0</controlfield><controlfield tag="008">140724s2015    enk      b    001 0 eng  </controlfield><datafield ind1=" " ind2=" " tag="010"><subfield code="a">  2014029207</subfield></datafield><datafield ind1=" " ind2=" " tag="020"><subfield code="a">9781844658206 (hardback)</subfield></datafield><datafield ind1=" " ind2=" " tag="020"><subfield code="a">1844658201 (hardback)</subfield></datafield><datafield ind1=" " ind2=" " tag="020"><subfield code="z">9781135744469 (ebk)</subfield></datafield><datafield ind1="8" ind2=" " tag="024"><subfield code="a">40024266486</subfield></datafield><datafield ind1=" " ind2=" " tag="035"><subfield code="a">ocn884631105</subfield></datafield><datafield ind1=" " ind2=" " tag="039"><subfield code="a">exclude</subfield></datafield><datafield ind1=" " ind2=" " tag="040"><subfield code="a">DLC</subfield><subfield code="e">rda</subfield><subfield code="b">eng</subfield><subfield code="c">DLC</subfield><subfield code="d">YDX</subfield><subfield code="d">YDXCP</subfield><subfield code="d">YUS</subfield><subfield code="d">BTCTA</subfield><subfield code="d">AEU</subfield></datafield><datafield ind1=" " ind2=" " tag="042"><subfield code="a">pcc</subfield></datafield><datafield ind1="0" ind2="0" tag="050"><subfield code="a">B376</subfield><subfield code="b">.P37 2015</subfield></datafield><datafield ind1="0" ind2="0" tag="082"><subfield code="a">184</subfield><subfield code="2">23</subfield></datafield><datafield ind1=" " ind2=" " tag="084"><subfield code="a">HIS002000</subfield><subfield code="2">bisacsh</subfield></datafield><datafield ind1=" " ind2=" " tag="090"><subfield code="a">B376 .P37 2015</subfield><subfield code="b">AEGMCT</subfield></datafield><datafield ind1=" " ind2=" " tag="090"><subfield code="a">B 376 P37 2015</subfield><subfield code="b">AEU</subfield></datafield><datafield ind1="1" ind2=" " tag="100"><subfield code="a">Pappas, Nickolas,</subfield><subfield code="d">1960-</subfield><subfield code="e">author.</subfield></datafield><datafield ind1="1" ind2="0" tag="245"><subfield code="a">Politics and philosophy in Plato's Menexenus :</subfield><subfield code="b">education and rhetoric, myth and history /</subfield><subfield code="c">Nickolas Pappas and Mark Zelcer.</subfield></datafield><datafield ind1=" " ind2="1" tag="264"><subfield code="a">Milton Park, Abingdon, Oxon ;</subfield><subfield code="a">New York, NY :</subfield><subfield code="b">Routledge, Taylor &amp; Francis Group,</subfield><subfield code="c">2015.</subfield></datafield><datafield ind1=" " ind2=" " tag="300"><subfield code="a">vii, 236 pages ;</subfield><subfield code="c">24 cm</subfield></datafield><datafield ind1=" " ind2=" " tag="336"><subfield code="a">text</subfield><subfield code="2">rdacontent</subfield></datafield><datafield ind1=" " ind2=" " tag="337"><subfield code="a">unmediated</subfield><subfield code="2">rdamedia</subfield></datafield><datafield ind1=" " ind2=" " tag="338"><subfield code="a">volume</subfield><subfield code="2">rdacarrier</subfield></datafield><datafield ind1=" " ind2=" " tag="504"><subfield code="a">Includes bibliographical references (pages 222-230) and index.</subfield></datafield><datafield ind1=" " ind2=" " tag="520"><subfield code="a">"Menexenus is one of the least studied among Plato's works, mostly because of the puzzling nature of the text, which has led many scholars either to reject the dialogue as spurious or to consider it as a mocking parody of Athenian funeral rhetoric. In this book, Pappas and Zelcer provide a persuasive alternative reading of the text, one that contributes in many ways to our understanding of Plato, and specifically to our understanding of his political thought. The book is organized into two parts. In the first part the authors offer a synopsis of the dialogue, address the setting and its background in terms of the Athenian funeral speech, and discuss the alternative readings of the dialogue, showing their weaknesses and strengths. In the second part, the authors offer their positive interpretation of the dialogue, taking particular care to explain and ground their interpretive criteria and method, which considers Plato's text not simply as a de-contextualized collection of philosophical arguments but offers a theoretically reading of the text that situates it firmly within its historical context. The book will become a reference point in the debate about the Menexenus and Plato's political philosophy more generally and marks an important contribution to our understanding of ancient thought and classical Athenian society"--</subfield><subfield code="c">Provided by publisher.</subfield></datafield><datafield ind1=" " ind2=" " tag="596"><subfield code="a">16 29 43</subfield></datafield><datafield ind1="0" ind2="0" tag="600"><subfield code="a">Plato.</subfield><subfield code="t">Menexenus.</subfield></datafield><datafield ind1=" " ind2="0" tag="650"><subfield code="a">Rhetoric, Ancient.</subfield></datafield><datafield ind1=" " ind2="0" tag="650"><subfield code="a">Rhetoric</subfield><subfield code="x">Philosophy.</subfield></datafield><datafield ind1="1" ind2=" " tag="700"><subfield code="a">Zelcer, Mark,</subfield><subfield code="e">author.</subfield></datafield><datafield ind1=" " ind2=" " tag="949"><subfield code="a">B376 .P37 2015</subfield><subfield code="h">GMCT-OS-B</subfield><subfield code="i">1007439639</subfield><subfield code="p">170.98</subfield><subfield code="k">AVAIL_SOON</subfield></datafield><datafield ind1=" " ind2=" " tag="019"><subfield code="a">857967606</subfield><subfield code="a">858354888</subfield></datafield><datafield ind1=" " ind2=" " tag="926"><subfield code="a">B376 .P37 2015</subfield><subfield code="w">LC</subfield><subfield code="c">1</subfield><subfield code="i">1007439639</subfield><subfield code="d">11/19/2015</subfield><subfield code="e">11/15/2015</subfield><subfield code="l">ON_SHELF</subfield><subfield code="m">GR_MACEWAN</subfield><subfield code="n">2</subfield><subfield code="p">$170.98</subfield><subfield code="r">Y</subfield><subfield code="s">Y</subfield><subfield code="t">BOOK</subfield><subfield code="u">2/10/2015</subfield></datafield><datafield ind1=" " ind2=" " tag="926"><subfield code="a">B 376 P37 2015</subfield><subfield code="w">LC</subfield><subfield code="c">1</subfield><subfield code="i">0162035267846</subfield><subfield code="l">ON_SHELF</subfield><subfield code="m">UAAUG</subfield><subfield code="p">$150.00</subfield><subfield code="r">Y</subfield><subfield code="s">Y</subfield><subfield code="t">BOOK</subfield><subfield code="u">4/9/2015</subfield></datafield><datafield ind1=" " ind2=" " tag="926"><subfield code="a">B 376 P37 2015</subfield><subfield code="w">LC</subfield><subfield code="c">1</subfield><subfield code="i">0162035267960</subfield><subfield code="d">5/11/2015</subfield><subfield code="e">5/6/2015</subfield><subfield code="l">ON_SHELF</subfield><subfield code="m">UAHSS</subfield><subfield code="n">3</subfield><subfield code="p">$150.00</subfield><subfield code="r">Y</subfield><subfield code="s">Y</subfield><subfield code="t">BOOK</subfield><subfield code="u">4/9/2015</subfield></datafield></record>